@book{newman2015microservices,
author={Newman, Sam},
title={Building Microservices},
publisher={O'Reilly Media, Inc.},
year=2015
}
